@article{menter1994,
  title={Two-equation eddy-viscosity turbulence models for engineering applications},
  author={Menter, Florian R},
  journal={AIAA Journal}    ,
  volume={32},
  number={8},
  pages={1598--1605},
  year={1994},
  doi={10.2514/3.12149}
}

@inproceedings{kkl2015,
address = {Reston, Virginia},
author = {Abdol-Hamid, Khaled S. and Carlson, Jan-Renee and Rumsey, Christopher L.},
booktitle = {46th AIAA Fluid Dynamics Conference},
doi = {10.2514/6.2016-3941},
isbn = {978-1-62410-436-7},
month = {jun},
number = {November},
pages = {1--27},
publisher = {American Institute of Aeronautics and Astronautics},
title = {{Verification and Validation of the k-kL Turbulence Model in FUN3D and CFL3D Codes}},
year = {2016}
}

@inproceedings{SAmodel,
address = {Reston, Virigina},
archivePrefix = {arXiv},
author = {Spalart, P. and Allmaras, S.},
booktitle = {30th Aerospace Sciences Meeting and Exhibit},
doi = {10.2514/6.1992-439},
eprint = {arXiv:1011.1669v3},
isbn = {0034-1223},
issn = {00341223},
month = {jan},
number = {January},
publisher = {American Institute of Aeronautics and Astronautics},
title = {{A one-equation turbulence model for aerodynamic flows}},
year = {1992}
}


@article{weno,
author = {Shu, Chi-Wang},
doi = {10.1080/1061856031000104851},
isbn = {1061-8562},
issn = {1061-8562},
journal = {International Journal of Computational Fluid Dynamics},
number = {2},
pages = {107--118},
title = {{High-order Finite Difference and Finite Volume WENO Schemes and Discontinuous Galerkin Methods for CFD}},
volume = {17},
year = {2003}
}

@article{ppm,
  title={The piecewise parabolic method (PPM) for gas-dynamical simulations},
  author={Colella, Phillip and Woodward, Paul R},
  journal={Journal of computational physics},
  volume={54},
  number={1},
  pages={174--201},
  year={1984},
  publisher={Elsevier},
  doi={10.1016/0021-9991(84)90143-8}
}


@incollection{Koren,
title = "A robust upwind discretization method for advection, diffusion and source terms",
author = "B. Koren",
year = "1993",
series = "Notes on Numerical Fluid Mechanics",
publisher = "Vieweg",
pages = "117--138",
volume={45},
edition=1,
editor = "C.B. Vreugdenhil and B. Koren",
booktitle = "Numerical Methods for Advection-Diffusion Problems",
address = "Germany",
}


@article{muscl,
  title={Towards the ultimate conservative difference scheme. V. A second-order sequel to Godunov's method},
  author={Van Leer, Bram},
  journal={Journal of computational Physics},
  volume={32},
  number={1},
  pages={101--136},
  year={1979},
  doi={10.1016/0021-9991(77)90095-X},
  publisher={Elsevier}
}

@article{1980Abu,
author = {Abu-Ghannam, B. J. and Shaw, R.},
doi = {10.1243/JMES_JOUR_1980_022_043_02},
issn = {0022-2542},
journal = {Journal of Mechanical Engineering Science},
month = {oct},
number = {5},
pages = {213--228},
title = {{Natural Transition of Boundary Layers—The Effects of Turbulence, Pressure Gradient, and Flow History}},
volume = {22},
year = {1980}
}


@incollection{1993Savillfurther,
  title={Further progress in the turbulence modelling of by-pass transition},
  author={Savill, AM},
  booktitle={Engineering Turbulence Modelling and Experiments},
  pages={583--592},
  year={1993},
  editor={W. Rodi and F. Martelli},
  publisher={Elsevier}
}

@incollection{1993Savillsome,
  title={Some recent progress in the turbulence modelling of by-pass transition},
  author={Savill, AM},
  booktitle={Near-Wall Turbulent Flows},
  pages={829--848},
  year={1993},
  publisher={Elsevier},
  address={New York},
  editor       = {R. M. C. So and C. G. Speziale and B. E. Launder}
}

@incollection{1996Savill,
author = {Savill, A. M.},
booktitle = {Turbulence and transition modelling: Lecture Notes from the ERCOFTAC/IUTAM Summerschool held in Stockholm, 12–20 June, 1995},
doi = {10.1007/978-94-015-8666-5_6},
isbn = {978-90-481-4707-6},
pages = {233--268},
title = {{One point closure applied to transition}},
url = {http://link.springer.com/chapter/10.1007/978-94-015-8666-5{\_}6},
year = {1996}
}



@article{2003Suzen,
  title={Predictions of separated and transitional boundary layers under low-pressure turbine airfoil conditions using an intermittency transport equation},
  author={Suzen, Y Bora and Huang, PG and Hultgren, Lennart S and Ashpis, David E},
  journal={Journal of Turbomachinery},
  volume={125},
  number={3},
  pages={455--464},
  year={2003},
  publisher={American Society of Mechanical Engineers}
}


@incollection{incoll,
  author       = {Peter Farindon}, 
  title        = {The title of the work},
  booktitle    = {The title of the book},
  publisher    = {The name of the publisher},
  year         = 1993,
  editor       = {The editor},
  volume       = 4,
  series       = 5,
  chapter      = 8,
  pages        = {201-213},
  address      = {The address of the publisher},
  edition      = 3,
  month        = 7,
  note         = {An optional note}
}

@article{sst2003,
  title={Ten years of industrial experience with the SST turbulence model},
  author={Menter, Florian R and Kuntz, Martin and Langtry, Robin},
  journal={Turbulence, heat and mass transfer},
  volume={4},
  number={1},
  pages={625--632},
  year={2003}
}

@inproceedings{kato1993modelling,
  title={The modelling of turbulent flow around stationary and vibrating square cylinders},
  author={Kato, M. and Launder, B. E.},
  booktitle={9th Symposium on Turbulent Shear Flows},
  address={Kyoto, Japan},
  pages={10--4},
  year={1993}
}

@article{2011Kitamura, 
  title={Performance of Low-Dissipation Euler Fluxes and Preconditioned LU-SGS at Low Speeds}, 
  volume={10}, 
  DOI={10.4208/cicp.041109.160910a }, 
  number={1}, 
  journal={Communications in Computational Physics}, 
  publisher={Cambridge University Press}, 
  author={Kitamura, Keiichi and Shima, Eiji and Fujimoto, Keiichiro and Wang, Z. J.}, 
  year={2011}, 
  pages={90–119}
}


@TECHREPORT{1956VanIngen,
  AUTHOR =        {Van Ingen, J.L.},
  TITLE =         {A suggested semi-empirical method for the calculation of the boundary layer transition region},
  NUMBER =        {V.T.H-74},
  INSTITUTION =   {Delft University of Technology},
  ADDRESS =       {Netherland},
  MONTH =         {September},
  YEAR  =         {1956},
  PAGES =         {19},
}


@article{1995WeissSmith,
  title={Preconditioning applied to variable and constant density flows},
  author={Weiss, Jonathan M. and Smith, Wayne A.},
  journal={AIAA Journal},
  volume={33},
  number={11},
  pages={2050--2057},
  year={1995},
  month={November},
  publisher={American Institute of Aeronautics and Astronautics}
}


@TECHREPORT{e387Exp,
  AUTHOR =        {Mcghee, Robert J. and Walker, Betty S. and Milard, Betty F.},
  TITLE =         {Experimental results for the Eppler 387 airfoil at low Reynolds numbers in the Langley low-turbulence pressure tunnel},
  NUMBER =        {NASA-TM-4062},
  INSTITUTION =   {NASA Langley Research Center},
  ADDRESS =       {Hampton, VA, United States},
  MONTH =         {October},
  YEAR  =         {1988},
  PAGES =         {232},
}


@article{2014Durbin,
  author="Ge, Xuan
  and Arolla, Sunil
  and Durbin, Paul",
  title="A Bypass Transition Model Based on the Intermittency Function",
  journal="Flow, Turbulence and Combustion",
  year="2014",
  month="Jul",
  day="01",
  volume="93",
  number="1",
  pages="37--61",
  issn="1573-1987",
  doi="10.1007/s10494-014-9533-9",
  url="https://doi.org/10.1007/s10494-014-9533-9"
}


@article{2006Liou,
title = "A sequel to AUSM, Part II: AUSM+-up for all speeds",
journal = "Journal of Computational Physics",
volume = "214",
number = "1",
pages = "137 - 170",
year = "2006",
issn = "0021-9991",
doi = "https://doi.org/10.1016/j.jcp.2005.09.020",
url = "http://www.sciencedirect.com/science/article/pii/S0021999105004274",
author = "Meng-Sing Liou",
keywords = "Upwind scheme, Low Mach number, AUSM scheme, AUSM-up, Positivity, Entropy-satisfying, Carbuncle phenomenon, Euler and Navier–Stokes equations"
}

@article{2011Shima,
author = {Shima, Eiji and Kitamura, Keiichi},
doi = {10.2514/1.J050905},
journal = {AIAA Journal},
month = {August},
number = {8},
pages = {1693--1709},
title = {{Parameter-Free Simple Low-Dissipation AUSM-Family Scheme for All Speeds}},
url = {http://arc.aiaa.org/doi/10.2514/1.J050905},
volume = {49},
year = {2011}
}



@TECHREPORT{DLR-F5,
  AUTHOR =        {Sobieczky, H.},
  TITLE =         {{DLR-F5: Test Wing for CFD and Applied Aerodynamics}},
  NUMBER =        {Test Case B-5 in AGARD FDP Advisory Report AR 303: Test Cases for CFD Validation},
  INSTITUTION =   {AGARD},
  YEAR  =         {1994},
  PAGES =         {16},
}


@TECHREPORT{1956Schubauer,
  AUTHOR =        {Schaubauer, G.B. and Klebanoff, P.S.},
  TITLE =         {Contributions on the mechanics of boundary-layer transition},
  NUMBER =        {NACA-TR-1289 },
  INSTITUTION =   {National Bureau of Standards},
  ADDRESS     =   {Washington, DC, United States},
  YEAR  =         {1956},
  Month =         {January},
  PAGES =         {11},
}

@article{2002Menter,
author = {Menter, F.R. and Esch, T. and Kubacki, S.},
doi = {10.1016/B978-008044114-6/50053-3},
journal = {Engineering Turbulence Modelling and Experiments 5},
keywords = {by-pass transition,cfx-tascflow,intermittency,local formulation,model,sst,transport equation,turbulence modelling},
pages = {555--564},
title = {{Transition Modelling Based on Local Variables}},
year = {2002}
}


@inproceedings{2005Langtry,
  title={Transition modeling for general CFD applications in aeronautics},
  author={Langtry, Robin and Menter, Florian},
  booktitle={43rd AIAA aerospace sciences meeting and exhibit},
  pages={522},
  address={Reno, Nevada},
  year={2005}
}


@article{2005Menter,
author = {Menter, F. R. and Langtry, R. and V{\"{o}}lker, S. and Huang, P. G.},
doi = {10.1016/B978-008044544-1/50003-0},
journal = {Engineering Turbulence Modelling and Experiments 6},
number = {August},
pages = {31--48},
title = {{Transition Modelling for General Purpose CFD Codes}},
year = {2005}
}


@article{2006Menter,
  title={A correlation-based transition model using local variables—part I: model formulation},
  author={Menter, Florian R and Langtry, Robin Blair and Likki, SR and Suzen, YB and Huang, PG and V{\"o}lker, S},
  journal={Journal of turbomachinery},
  volume={128},
  number={3},
  pages={413--422},
  year={2006},
  publisher={American Society of Mechanical Engineers}
}


@article{2006Langtry,
  title={A correlation-based transition model using local variables—part II: test cases and industrial applications},
  author={Langtry, Robin Blair and Menter, FR and Likki, SR and Suzen, YB and Huang, PG and V{\"o}lker, S},
  journal={Journal of Turbomachinery},
  volume={128},
  number={3},
  pages={423--434},
  year={2006},
  publisher={American Society of Mechanical Engineers}
}

@article{2009Langtry,
  title={Correlation-based transition modeling for unstructured parallelized computational fluid dynamics codes},
  author={Langtry, Robin B and Menter, Florian R},
  journal={AIAA journal},
  volume={47},
  number={12},
  pages={2894--2906},
  year={2009}
}

@article{2015Menter,
  title={A one-equation local correlation-based transition model},
  author={Menter, Florian R and Smirnov, Pavel E and Liu, Tao and Avancha, Ravikanth},
  journal={Flow, Turbulence and Combustion},
  volume={95},
  number={4},
  pages={583--619},
  year={2015},
  publisher={Springer}
}


@article{2017Caka,
author = {Cakmakcioglu, Samet Caka and Bas, Onur and Kaynak, Unver},
doi = {10.1177/0954406217743537},
journal = {Proceedings of the Institution of Mechanical Engineers, Part C: Journal of Mechanical Engineering Science},
number = {0},
pages = {095440621774353},
title = {{A correlation-based algebraic transition model}},
url = {http://journals.sagepub.com/doi/10.1177/0954406217743537},
volume = {0},
year = {2017}
}


@inproceedings{2013Bas,
address = {Reston, Virginia},
author = {Bas, Onur and Cakmakcioglu, Samet C. and Kaynak, Unver},
booktitle = {31st AIAA Applied Aerodynamics Conference},
doi = {10.2514/6.2013-2531},
month = {jun},
pages = {1--13},
publisher = {American Institute of Aeronautics and Astronautics},
title = {{A Novel Intermittency Distribution Based Transition Model For Low-Re Number Airfoils}},
url = {http://arc.aiaa.org/doi/10.2514/6.2013-2531},
year = {2013}
}

@incollection{1969Morkovin,
  title={On the many faces of transition},
  author={Morkovin, Mark V},
  booktitle={Viscous drag reduction},
  pages={1--31},
  year={1969},
  publisher={Springer}
}

@article{1991Mayle,
author = {Mayle, Robert Edward},
doi = {10.1115/1.2929110},
file = {:Users/j10/Documents/Mendeley Desktop/1991/Mayle/Mayle - The 1991 IGTI Scholar Lecture The Role of Laminar-Turbulent Transition in Gas Turbine Engines.pdf:pdf},
journal = {Journal of Turbomachinery},
number = {4},
pages = {509},
title = {{The 1991 IGTI Scholar Lecture: The Role of Laminar-Turbulent Transition in Gas Turbine Engines}},
url = {http://turbomachinery.asmedigitalcollection.asme.org/article.aspx?articleid=1463852},
volume = {113},
year = {1991}
}


@article{2009Suluksna,
author = {Suluksna, Keerati and Dechaumphai, Pramote and Juntasaro, Ekachai},
doi = {10.1016/j.ijheatfluidflow.2008.09.004},
journal = {International Journal of Heat and Fluid Flow},
keywords = {Boundary layer,Critical momentum thickness Reynolds number,Freestream turbulence,Pressure gradient,Transition length parameter,Transition model},
number = {1},
pages = {66--75},
publisher = {Elsevier Inc.},
title = {{Correlations for modeling transitional boundary layers under influences of freestream turbulence and pressure gradient}},
url = {http://dx.doi.org/10.1016/j.ijheatfluidflow.2008.09.004},
volume = {30},
year = {2009}
}


@inproceedings{1997hypersonic,
  title={Hypersonic boundary layer transition for X-33 phase II vehicle},
  author={Thompson, Richard and Hamilton, II, Harris and Berry, Scott and Horvath, Thomas and Nowak, Robert},
  booktitle={36th AIAA Aerospace Sciences Meeting and Exhibit},
  publisher = {American Institute of Aeronautics and Astronautics},
  month = {January},
  year={1997},
  pages = {1--34},
  address = {Reno, NV, U.S.A},
  doi = {10.2514/6.1998-867},
  url = {http://arc.aiaa.org/doi/10.2514/6.2013-2531},
}


@book{1974Schlichting,
  title={Boundary-layer theory},
  author={Schlichting, Hermann and others},
  year={1974},
  publisher={Springer}
}

@article{1978Sod,
author = {Sod, Gary A.},
doi = {10.1016/0021-9991(78)90023-2},
isbn = {0021-9991},
issn = {00219991},
journal = {Journal of Computational Physics},
month = {apr},
number = {1},
pages = {1--31},
title = {{A survey of several finite difference methods for systems of nonlinear hyperbolic conservation laws}},
volume = {27},
year = {1978}
}

@techreport{2014Childs,
author = {Dennis C. Jespersen and Thomas H. Pulliam and Marissa L. Childs},
institution = {NASA NAS-2016-01},
title = {OVERFLOW Turbulence Model Resource Verification Results},
year = {2016}
}

@techreport{1956Smith,
  title={Transition, pressure gradient, and stability theory},
  author={Smith, AMO and Gamberoni, Nathalie},
  institution = {Douglas Aircraft Co. ES. 26388},
  year = {1956}
}

@article{1973jones,
  title={The calculation of low-Reynolds-number phenomena with a two-equation model of turbulence},
  author={Jones, WP and Launder, Brne},
  journal={International Journal of Heat and Mass Transfer},
  volume={16},
  number={6},
  pages={1119--1130},
  year={1973},
  publisher={Elsevier}
}

@article{1994Wilcox,
author = {Wilcox, David Alem},
doi = {10.2514/3.59994},
journal = {AIAA Journal},
number = {2},
pages = {247--255},
title = {{Simulation of Transition with a Two-Equation Turbulence Model}},
volume = {32},
year = {1994}
}
y
@inproceedings{2002Walter,
author = {Walters, D. Keith and Leylek, James H.},
booktitle = {Heat Transfer, Volume 6},
doi = {10.1115/IMECE2002-32740},
isbn = {0-7918-3637-1},
issn = {0889504X},
pages = {67--79},
title = {{A New Model for Boundary-Layer Transition Using a Single-Point RANS Approach}},
volume = {2002},
year = {2002}
}

@article{1993Mayle,
author = {Mayle, Robert Edward},
doi = {10.1115/1.2929110},
isbn = {9780791878934},
issn = {0889-504X},
journal = {Journal of Turbomachinery},
number = {2},
pages = {207},
title = {{The Role of Laminar-Turbulent Transition in Gas Turbine Engines}},
volume = {115},
year = {1993}
}

@incollection{2002Durbin,
author = {Durbin, P. A. and Jacobs, R. G. and Wu, X.},
booktitle = {Closure strategies for turbulent and transitional flows},
doi = {10.1017/CBO9780511755385.018},
isbn = {978-0-521-79208-0},
pages = {449--463},
title = {{DNS of bypass transition}},
year = {2002}
}

@article{2002Michelassi,
author = {Michelassi, Vittorio and Wissink, Jan and Rodi, Wolfgang},
doi = {10.1023/A:1027334303200},
isbn = {978-0-08-044114-6},
issn = {13866184},
journal = {Flow, Turbulence and Combustion},
number = {3-4},
pages = {295--330},
title = {{Analysis of DNS and LES of Flow in a Low Pressure Turbine Cascade with Incoming Wakes and Comparison with Experiments}},
volume = {69},
year = {2002}
}

@article{2000Stock,
author = {Stock, Hans W and Haase, Werner},
doi = {10.2514/2.893},
issn = {0001-1452},
journal = {AIAA JOURNAL},
number = {11},
title = {{Navier – Stokes Airfoil Computations with e Transition Prediction Including Transitional Flow Regions}},
volume = {38},
year = {2000}
}
@article{1963Blumer,
author = {Blumer, C. B. and {Van Driest}, E. R.},
doi = {10.2514/3.1784},
issn = {0001-1452},
journal = {AIAA Journal},
month = {jun},
number = {6},
pages = {1303--1306},
title = {{BOUNDARY LAYER TRANSITION- FREESTREAM TURBULENCE AND PRESSURE GRADIENT EFFECTS}},
volume = {1},
year = {1963}
}

@article{2012Coder,
author = {Coder, James G. and Maughmer, Mark D.},
doi = {10.2514/6.2012-672},
journal = {AIAA Paper},
number = {January},
pages = {1--15},
title = {{One-Equation Transition Closure for Eddy-Viscosity Turbulence Models in CFD}},
volume = {2012-0672},
year = {2012}
}

@incollection{2006Wilcox,
  booktitle={Turbulence Modeling for CFD},
  title={Effects of Compressiblity},
  author={Wilcox, D.C.},
  isbn={9781928729082},
  lccn={2006908990},
  year={2006},
  edition= 3, 
  volume=1,
  month= {November},
  pages={239--297},
  publisher={DCW Industries}
}
